<record><leader>00000cas a2200000 a 4500</leader><controlfield tag="001">10453637</controlfield><controlfield tag="008">840224d18611877vtudn ne      0    0eng c</controlfield><datafield ind1=" " ind2=" " tag="010"><subfield code="a">sn 84022521 </subfield></datafield><datafield ind1=" " ind2=" " tag="040"><subfield code="a">NPX</subfield><subfield code="b">eng</subfield><subfield code="c">NPX</subfield><subfield code="d">NPU</subfield><subfield code="d">NPY</subfield><subfield code="d">DLC</subfield><subfield code="d">NPV</subfield><subfield code="d">NYG</subfield><subfield code="d">MGN</subfield><subfield code="d">GUA</subfield><subfield code="d">NVN</subfield><subfield code="d">OCL</subfield><subfield code="d">NVN</subfield><subfield code="d">CRL</subfield><subfield code="d">NYS</subfield><subfield code="d">DLC</subfield><subfield code="d">CRL</subfield><subfield code="d">OCLCQ</subfield><subfield code="d">DLC</subfield><subfield code="d">OCLCA</subfield><subfield code="d">OCLCF</subfield></datafield><datafield ind1="1" ind2=" " tag="029"><subfield code="a">AU@</subfield><subfield code="b">000020228181</subfield></datafield><datafield ind1=" " ind2=" " tag="042"><subfield code="a">pcc</subfield></datafield><datafield ind1=" " ind2=" " tag="043"><subfield code="a">n-us-vt</subfield></datafield><datafield ind1="0" ind2="0" tag="050"><subfield code="a">Newspaper 9952-X</subfield></datafield><datafield ind1="0" ind2=" " tag="130"><subfield code="a">Rutland daily herald (Rutland, Vt. : 1861)</subfield></datafield><datafield ind1="1" ind2="0" tag="245"><subfield code="a">Rutland daily herald.</subfield></datafield><datafield ind1="1" ind2="3" tag="246"><subfield code="a">Rutland herald</subfield></datafield><datafield ind1=" " ind2=" " tag="260"><subfield code="a">Rutland, Vt. :</subfield><subfield code="b">George A. Tuttle &amp; Co.,</subfield><subfield code="c">1861-1877.</subfield></datafield><datafield ind1=" " ind2=" " tag="300"><subfield code="a">v. ;</subfield><subfield code="c">55-63 cm.</subfield></datafield><datafield ind1=" " ind2=" " tag="310"><subfield code="a">Daily (except Sunday)</subfield></datafield><datafield ind1="0" ind2=" " tag="362"><subfield code="a">Vol. 1, no. 1 (Apr. 29, 1861)-v. 17, no. 102 (Aug. 31, 1877).</subfield></datafield><datafield ind1=" " ind2=" " tag="500"><subfield code="a">"Daily" appears in title ornament: &lt;1861-1862&gt;, 1868-1876.</subfield></datafield><datafield ind1=" " ind2=" " tag="530"><subfield code="a">Also issued on microfilm from UMI.</subfield></datafield><datafield ind1=" " ind2=" " tag="580"><subfield code="a">Merged with: Rutland daily globe to form: Rutland daily herald and globe.</subfield></datafield><datafield ind1=" " ind2="0" tag="651"><subfield code="a">Rutland (Vt.)</subfield><subfield code="v">Newspapers.</subfield></datafield><datafield ind1=" " ind2="0" tag="651"><subfield code="a">Vermont</subfield><subfield code="v">Newspapers.</subfield></datafield><datafield ind1=" " ind2="7" tag="655"><subfield code="a">Newspapers.</subfield><subfield code="2">fast</subfield><subfield code="0">(OCoLC)fst01423814</subfield></datafield><datafield ind1=" " ind2="7" tag="651"><subfield code="a">Vermont.</subfield><subfield code="2">fast</subfield><subfield code="0">(OCoLC)fst01204305</subfield></datafield><datafield ind1=" " ind2="7" tag="651"><subfield code="a">Vermont</subfield><subfield code="z">Rutland.</subfield><subfield code="2">fast</subfield><subfield code="0">(OCoLC)fst01214597</subfield></datafield><datafield ind1=" " ind2=" " tag="752"><subfield code="a">United States</subfield><subfield code="b">Vermont</subfield><subfield code="c">Rutland</subfield><subfield code="d">Rutland.</subfield></datafield><datafield ind1="1" ind2=" " tag="775"><subfield code="t">Rutland weekly herald (Rutland, Vt. : 1859)</subfield><subfield code="w">(DLC)sn 84022367</subfield><subfield code="w">(OCoLC)2267361</subfield></datafield><datafield ind1="1" ind2="7" tag="785"><subfield code="t">Rutland daily globe</subfield><subfield code="x">2328-3432</subfield><subfield code="w">(DLC)sn 84022473</subfield><subfield code="w">(OCoLC)10412435</subfield></datafield><datafield ind1="1" ind2="7" tag="785"><subfield code="t">Rutland daily herald and globe</subfield><subfield code="w">(DLC)sn 86071668</subfield><subfield code="w">(OCoLC)13782035</subfield></datafield></record>